@article{Anderson2015,
abstract = {In episode 217 of Software Engineering Radio, host Charles Anderson talks with James Turnbull, a software developer and security specialist who's vice president of services at Docker. Lightweight Docker containers are rapidly becoming a tool for deploying microservice-based architectures.},
author = {Anderson, Charles},
doi = {10.1109/MS.2015.62},
isbn = {9781467372848},
issn = {0740-7459},
journal = {IEEE Software},
keywords = {Docker,Docker containers,Interviews,James Turnbull,SE Radio,Software Engineering Radio,Software development,Software engineering,Virtual machining,microservices},
number = {3},
pages = {102--c3},
title = {{Docker [Software engineering]}},
url = {http://ieeexplore.ieee.org/lpdocs/epic03/wrapper.htm?arnumber=7093032},
volume = {32},
year = {2015}
}
@misc{Brockmeier2014,
author = {Brockmeier, Joe},
booktitle = {projectatomic},
title = {{Is It Safe? A Look at Docker and Security from LinuxCon â€” Project Atomic}},
url = {http://www.projectatomic.io/blog/2014/08/is-it-safe-a-look-at-docker-and-security-from-linuxcon/},
urldate = {2016-03-08},
year = {2014}
}
@misc{Docker2016,
author = {Docker},
booktitle = {Docker docs},
title = {{Docker security}},
url = {https://docs.docker.com/engine/security/security/},
year = {2016}
}
@techreport{Docker2015,
author = {Docker},
file = {:home/tomas/Downloads/WP{\_}Intro{\_}to{\_}container{\_}security{\_}03.20.2015.pdf:pdf},
pages = {8},
title = {{Introduction to Container Security}},
year = {2015}
}
@misc{Ewindisch2014,
author = {Ewindisch},
booktitle = {medum.com},
title = {{On the Security of Containers}},
url = {https://medium.com/@ewindisch/on-the-security-of-containers-2c60ffe25a9e{\#}.ep02enur7},
year = {2014}
}
@misc{JessieFrazelle2016,
author = {{Jessie Frazelle}},
booktitle = {Docker Blog},
title = {{Docker Engine 1.10 Security Improvements}},
url = {https://blog.docker.com/2016/02/docker-engine-1-10-security/},
year = {2016}
}
@misc{LennyZeltser2015,
author = {{Lenny Zeltser}},
booktitle = {zestler.com},
title = {{Security Risks and Benefits of Docker Application Containers}},
url = {https://zeltser.com/security-risks-and-benefits-of-docker-application/},
urldate = {2016-03-08},
year = {2015}
}
@misc{Monica2015,
author = {M{\'{o}}nica, Diogo},
booktitle = {Docker Blog},
title = {{Understanding Docker Security and Best Practices}},
url = {https://blog.docker.com/2015/05/understanding-docker-security-and-best-practices/},
year = {2015}
}
@book{Mouat2015,
author = {Mouat, Adrian},
file = {:home/tomas/Downloads/Docker{\_}Security{\_}Red{\_}Hat.pdf:pdf},
pages = {48},
title = {{Docker Security}},
year = {2015}
}
@misc{Petazzoni2013,
abstract = {This post reviews the various security implications of using Docker to run applications within containers, and how to address them.},
author = {Petazzoni, J{\'{e}}r{\^{o}}me},
booktitle = {Docker Blog},
title = {{Containers {\&} Docker: How Secure Are They?}},
url = {http://blog.docker.com/2013/08/containers-docker-how-secure-are-they/},
year = {2013}
}
@misc{TonidelaFuente2015,
author = {{Toni de la Fuente}},
booktitle = {Alfresco DevOps Blog},
title = {{Docker Security Tools: Audit and Vulnerability Assessment}},
url = {https://www.alfresco.com/blogs/devops/2015/12/03/docker-security-tools-audit-and-vulnerability-assessment/},
urldate = {2016-03-14},
year = {2015}
}
@misc{Voelker2015,
author = {Voelker, Abe},
booktitle = {abevoelker blog},
title = {{Why I don't use Docker much anymore - Abe Voelker}},
url = {https://blog.abevoelker.com/why-i-dont-use-docker-much-anymore/},
urldate = {2016-03-08},
year = {2015}
}
@techreport{PravinGoyal2015,
author = {{Pravin Goyal}},
file = {:home/tomas/Downloads/CIS{\_}Docker{\_}1.6{\_}Benchmark{\_}v1.0.0.pdf:pdf},
pages = {119},
title = {{CIS Docker 1.6 Benchmark v1.0.0}},
year = {2015}
}
