@article{Anderson2015,
abstract = {In episode 217 of Software Engineering Radio, host Charles Anderson talks with James Turnbull, a software developer and security specialist who's vice president of services at Docker. Lightweight Docker containers are rapidly becoming a tool for deploying microservice-based architectures.},
author = {Anderson, Charles},
doi = {10.1109/MS.2015.62},
isbn = {9781467372848},
issn = {0740-7459},
journal = {IEEE Software},
keywords = {Docker,Docker containers,Interviews,James Turnbull,SE Radio,Software Engineering Radio,Software development,Software engineering,Virtual machining,microservices},
number = {3},
pages = {102--c3},
title = {{Docker [Software engineering]}},
url = {http://ieeexplore.ieee.org/lpdocs/epic03/wrapper.htm?arnumber=7093032},
volume = {32},
year = {2015}
}
@misc{Petazzoni2013,
abstract = {This post reviews the various security implications of using Docker to run applications within containers, and how to address them.},
author = {Petazzoni, J{\'{e}}r{\^{o}}me},
booktitle = {Docker Blog},
title = {{Containers {\&} Docker: How Secure Are They?}},
url = {http://blog.docker.com/2013/08/containers-docker-how-secure-are-they/},
year = {2013}
}
@misc{,
title = {{Security Risks and Benefits of Docker Application Containers}},
url = {https://zeltser.com/security-risks-and-benefits-of-docker-application/},
urldate = {2016-03-08}
}
@misc{,
title = {{VMware: five biggest challenges of server virtualisation}},
url = {http://www.computerweekly.com/feature/VMware-five-biggest-challenges-of-server-virtualisation},
urldate = {2016-03-08}
}
@misc{,
title = {{Is It Safe? A Look at Docker and Security from LinuxCon â€” Project Atomic}},
url = {http://www.projectatomic.io/blog/2014/08/is-it-safe-a-look-at-docker-and-security-from-linuxcon/},
urldate = {2016-03-08}
}
@misc{,
title = {{Why I don't use Docker much anymore - Abe Voelker}},
url = {https://blog.abevoelker.com/why-i-dont-use-docker-much-anymore/},
urldate = {2016-03-08}
}
